[gd_resource type="SpriteFrames" load_steps=9 format=2]

[ext_resource path="res://platformer-art-complete-pack-0/Base pack/Player/p1_front.png" type="Texture" id=1]
[ext_resource path="res://platformer-art-complete-pack-0/Base pack/Player/p1_walk/PNG/p1_walk06.png" type="Texture" id=2]
[ext_resource path="res://platformer-art-complete-pack-0/Base pack/Player/p1_walk/PNG/p1_walk05.png" type="Texture" id=3]
[ext_resource path="res://platformer-art-complete-pack-0/Base pack/Player/p1_walk/PNG/p1_walk07.png" type="Texture" id=4]
[ext_resource path="res://platformer-art-complete-pack-0/Base pack/Player/p1_jump.png" type="Texture" id=5]
[ext_resource path="res://platformer-art-complete-pack-0/Base pack/Player/p1_stand.png" type="Texture" id=6]
[ext_resource path="res://platformer-art-complete-pack-0/Base pack/Player/p1_walk/PNG/p1_walk04.png" type="Texture" id=7]
[ext_resource path="res://platformer-art-complete-pack-0/Base pack/Player/p1_walk/PNG/p1_walk03.png" type="Texture" id=8]

[resource]
animations = [ {
"frames": [ ExtResource( 1 ) ],
"loop": true,
"name": "default",
"speed": 5.0
}, {
"frames": [ ExtResource( 5 ) ],
"loop": true,
"name": "jump",
"speed": 5.0
}, {
"frames": [ ExtResource( 6 ) ],
"loop": true,
"name": "stand",
"speed": 5.0
}, {
"frames": [ ExtResource( 8 ), ExtResource( 7 ), ExtResource( 3 ), ExtResource( 2 ), ExtResource( 4 ), ExtResource( 3 ), ExtResource( 7 ) ],
"loop": true,
"name": "walk",
"speed": 14.0
} ]
